@misc{bicudo2009elementos,
  title={Os Elementos de Euclides, tradu{\c{c}}{\~a}o e introdu{\c{c}}{\~a}o Irineu Bicudo},
  author={BICUDO, Irineu},
  year={2009},
  publisher={S{\~a}o Paulo: Editora Unesp}
}

@article{commandino1855elementos,
  title={Elementos de Euclides},
  author={Commandino, F and Simson, R},
  journal={Imprensa da Universidade de Coimbra},
  year={1855}
}

@book{guedj2008teorema,
  title={O teorema do papagaio},
  author={Guedj, Denis and Brand{\~a}o, Eduardo},
  year={2008},
  publisher={Editora Companhia das Letras}
}

@misc{eli1998trigonometric,
  title={Trigonometric delights},
  author={Eli, Maor},
  year={1998},
  publisher={Princeton, Princeton University press}
}

@article{da2003historia,
  title={A Hist{\'o}ria da Trigonometria},
  author={da Costa, Nielce M Lobo},
  journal={Artigo--Pontif{\'\i}cia Universidade Cat{\'o}lica, S{\~a}o Paulo. Dispon{\'\i}vel em< http://www. paulofreire. org/Biblioteca/histtrigon. pdf>. Acesso em},
  volume={25},
  year={2003}
}

@book{weber2003essential,
  title={Essential Mathematical Methods for Physicists, ISE},
  author={Weber, Hans J and Arfken, George B},
  year={2003},
  publisher={Academic Press}
}

@article{onuchic2008diferentes,
  title={As diferentes “personalidades” do n{\'u}mero racional trabalhadas atrav{\'e}s da resolu{\c{c}}{\~a}o de problemas},
  author={Onuchic, Lourdes de la Rosa and Gomes Allevato, Norma Suely},
  journal={Bolema-mathematics Education Bulletin-boletim de Educacao Matematica},
  pages={79--102},
  year={2008},
  publisher={Universidade Estadual Paulista (UNESP), Departamento de Matem{\'a}tica}
}

%M
@article{guedes1997curso,
  title={Curso de metodologia cient{\'\i}fica},
  author={Guedes, Enildo Marinho},
  journal={Curitiba: HD},
  year={1997}
}

%Descritores
@misc{brasil2008pde,
  title={PDE: Plano de Desenvolvimento da Educa{\c{c}}{\~a}o: Prova Brasil: Ensino Fundamental: matrizes de refer{\^e}ncia, t{\'o}picos e descritores},
  author={Brasil, M da E},
  year={2008},
  publisher={Bras{\'\i}lia: MEC/SEB}
}

%Estudo de caso
@article{andre2013estudo,
  title={O QUE {\'E} Um EstUdO dE CasO QUalitativO Em EdUCaC{\~A}O?},
  author={Andr{\'e}, Marli},
  journal={Revista da FAEEBA-Educa{\c{c}}{\~a}o e Contemporaneidade},
  volume={22},
  number={40},
  year={2013}
}

@article{andre1984estudo,
  title={ESTUDO DE GASO: SEU POTENCIAL NA EDUCA{\c{C}}{\~A}O},
  author={Andr{\'e}, Marli EDA},
  year={1984}
}

@article{duarte2008estudos,
  title={Estudos de caso em educa{\c{c}}{\~a}o. Investiga{\c{c}}{\~a}o em profundidade com recursos reduzidos e outro modo de generaliza{\c{c}}{\~a}o},
  author={Duarte, Jos{\'e} B},
  year={2008},
  publisher={Edi{\c{c}}{\~o}es Universit{\'a}rias Lus{\'o}fonas}
}

@article{giovanni2012conquista,
  title={A conquista da Matem{\'a}tica, 6{\textordmasculine} ano. 1},
  author={Giovanni J{\'u}nior, JR and CASTRUCCI, B},
  journal={S{\~a}o Paulo: FTD},
  year={2012}
}

@article{palhares2011complementos,
  title={Complementos de Matem{\'a}tica para Professores do Ensino B{\'a}sico},
  author={Palhares, Pedro and Gomes, A and Amaral, E},
  journal={Lisboa: Lidel.[Laborat{\'o}rio},
  year={2011}
}

@article{onuchic2008diferentes,
  title={As diferentes “personalidades” do n{\'u}mero racional trabalhadas atrav{\'e}s da resolu{\c{c}}{\~a}o de problemas},
  author={Onuchic, Lourdes de la Rosa and Gomes Allevato, Norma Suely},
  journal={Bolema-mathematics Education Bulletin-boletim de Educacao Matematica},
  pages={79--102},
  year={2008},
  publisher={Universidade Estadual Paulista (UNESP), Departamento de Matem{\'a}tica}
}

@phdthesis{rodriguesnumeros,
  title={N{\'u}meros Racionais: Um estudo das Concep{\c{c}}{\~o}es de alunos ap{\'o}s o Estudo Formal. 2005},
  author={RODRIGUES, Wilson Roberto},
  school={Disserta{\c{c}}{\~a}o (Mestrado em Educa{\c{c}}{\~a}o Matem{\'a}tica)--Pontif{\'\i}cia Universidade Cat{\'o}lica de S{\~a}o Paulo}
}

@book{boyce2010equaccoes,
  title={Equa{\c{c}}{\~o}es diferenciais elementares e problemas de valores de contorno},
  author={Boyce, William E and DiPrima, Richard C},
  year={2010},
  publisher={LTC}
}

@book{d2007elementos,
  title={Elementos de did{\'a}tica da matem{\'a}tica},
  author={D'Amore, Bruno},
  year={2007},
  publisher={Editora Livraria da Fisica}
}

@article{polya1995arte,
  title={A arte de resolver problemas: um novo aspecto metodol{\'o}gico: tradu{\c{c}}{\~a}o e adapta{\c{c}}{\~a}o Heitor Lisboa de Ara{\'u}jo.-2 reimpr},
  author={Polya, George},
  journal={Rio de Janeiro: Interci{\^e}ncia},
  year={1995}
}

@article{stancanelli2001conhecendo,
  title={Conhecendo diferentes tipos de problemas},
  author={STANCANELLI, Renata},
  journal={Ler, escrever e resolver problemas: habilidades b{\'a}sicas para aprender matem{\'a}tica. Porto Alegre: Artmed},
  pages={103--120},
  year={2001}
}

@article{polya1995arte,
  title={A arte de resolver problemas: um novo aspecto metodol{\'o}gico: tradu{\c{c}}{\~a}o e adapta{\c{c}}{\~a}o Heitor Lisboa de Ara{\'u}jo.-2 reimpr},
  author={Polya, George},
  journal={Rio de Janeiro: Interci{\^e}ncia},
  year={1995}
}

@book{roque2012historia,
  title={Hist{\'o}ria da matem{\'a}tica},
  author={Roque, Tatiana},
  year={2012},
  publisher={Zahar}
}

@book{Griffiths2013introduction,
  title={Introduction to electrodynamics},
  author={Griffiths, David J.},
  year={2013},
  publisher={Pearson}
}

@article{da2011plano,
  title={O Plano de Desenvolvimento da Educa{\c{c}}{\~a}o (PDE): contextos e discursos},
  author={da Silva Voss, Dulce Mari},
  journal={Cadernos de Educa{\c{c}}{\~a}o},
  number={38},
  year={2011}
}